<record><leader>00000cas a2200000 a 4500</leader><controlfield tag="001">30758406</controlfield><controlfield tag="008">940713d19721974iluwr ne      0   a0eng c</controlfield><datafield ind1=" " ind2=" " tag="010"><subfield code="a">sn 94054460 </subfield></datafield><datafield ind1=" " ind2=" " tag="040"><subfield code="a">NVF</subfield><subfield code="b">eng</subfield><subfield code="c">NVF</subfield><subfield code="d">OCLCQ</subfield><subfield code="d">NVF</subfield><subfield code="d">OCLCF</subfield><subfield code="d">OCLCO</subfield><subfield code="d">NVF</subfield></datafield><datafield ind1=" " ind2=" " tag="042"><subfield code="a">pcc</subfield></datafield><datafield ind1=" " ind2=" " tag="043"><subfield code="a">n-us-il</subfield></datafield><datafield ind1="0" ind2="0" tag="245"><subfield code="a">Calumet City sun.</subfield></datafield><datafield ind1=" " ind2=" " tag="260"><subfield code="a">Lansing, Ill. :</subfield><subfield code="b">Calumet Pub. Co.,</subfield><subfield code="c">1972-1974.</subfield></datafield><datafield ind1=" " ind2=" " tag="300"><subfield code="a">volumes</subfield></datafield><datafield ind1=" " ind2=" " tag="310"><subfield code="a">Weekly</subfield></datafield><datafield ind1="1" ind2=" " tag="362"><subfield code="a">Began in 1972?</subfield></datafield><datafield ind1="0" ind2=" " tag="362"><subfield code="a">-v. 3, no. 41 (Dec. 18, 1973) ; v. 42, no. 54 (Jan. 8, 1974)-v. 43, no. 10 (Sept. 10, 1974).</subfield></datafield><datafield ind1=" " ind2=" " tag="580"><subfield code="a">Semiweekly ed.: Calumet City sun-journal, &lt;1973&gt;-1974.</subfield></datafield><datafield ind1=" " ind2=" " tag="588"><subfield code="a">Description based on: Vol. 2, no. 97 (Jan. 9, 1973).</subfield></datafield><datafield ind1=" " ind2="0" tag="651"><subfield code="a">Calumet City (Ill.)</subfield><subfield code="v">Newspapers.</subfield></datafield><datafield ind1=" " ind2="7" tag="651"><subfield code="a">Illinois</subfield><subfield code="z">Calumet City.</subfield><subfield code="2">fast</subfield><subfield code="0">(OCoLC)fst01277875</subfield></datafield><datafield ind1=" " ind2="7" tag="655"><subfield code="a">Newspapers.</subfield><subfield code="2">fast</subfield><subfield code="0">(OCoLC)fst01423814</subfield></datafield><datafield ind1=" " ind2=" " tag="752"><subfield code="a">United States</subfield><subfield code="b">Illinois</subfield><subfield code="c">Cook County</subfield><subfield code="d">Lansing.</subfield></datafield><datafield ind1="1" ind2=" " tag="775"><subfield code="t">Calumet City sun-journal</subfield><subfield code="w">(DLC)sn 94054457</subfield><subfield code="w">(OCoLC)30758321</subfield></datafield><datafield ind1="0" ind2="0" tag="780"><subfield code="t">Sun (Calumet City, Ill.)</subfield><subfield code="w">(DLC)sn 94054459</subfield><subfield code="w">(OCoLC)30758371</subfield></datafield><datafield ind1="0" ind2="4" tag="785"><subfield code="t">Calumet City sun-journal</subfield><subfield code="w">(DLC)sn 94054457</subfield><subfield code="w">(OCoLC)30758321</subfield></datafield><datafield ind1="1" ind2=" " tag="029"><subfield code="a">AU@</subfield><subfield code="b">000025881058</subfield></datafield></record>